% This file was created with JabRef 2.10.
% Encoding: Cp1250


@InProceedings{6188786,
  Title                    = {Morphological image processing approach on the detection of tumor and cancer cells},
  Author                   = {Beham, M.P. and Gurulakshmi, A.B.},
  Booktitle                = {Devices, Circuits and Systems (ICDCS), 2012 International Conference on},
  Year                     = {2012},
  Month                    = {March},
  Pages                    = {350-354},

  Doi                      = {10.1109/ICDCSyst.2012.6188786},
  Keywords                 = {biological tissues;biomedical MRI;biotechnology;cancer;cellular biophysics;computerised tomography;image segmentation;medical image processing;patient diagnosis;tumours;CT imaging;K-means clustering algorithm;MRI images;biotechnology;cancer cell detection;medical diagnosis;medical image segmentation;morphological image processing;noise presence;shape analysis;tissue abnormalities;tissue segmentation;tumor detection;Cancer;Computational modeling;Fuzzy logic;Image coding;Image segmentation;Streaming media;X-ray imaging;Fuzzy;Image segmentation;K- means;Morphological Image Processing (MIP);Morphological operations}
}

@Article{2014Choi,
  Title                    = {Computer-aided detection (CAD) of breast masses in mammography: combined detection and ensemble classification},
  Author                   = {Choi, Jae Young, Kim, Dae Hoe, Plataniotis, Konstantinos N, Ro, Yong Man},
  Journal                  = {Web of Science},
  Year                     = {2014},

  Doi                      = {http://dx.doi.org/10.1088/0031-9155/59/14/3697},
  Url                      = {http://iopscience.iop.org/0031-9155/59/14/3697/}
}

@Article{2014Hussain,
  Title                    = {False-positive reduction in mammography using multiscale spatial Weber law descriptor and support vector machines},
  Author                   = {Hussain, Muhammad},
  Journal                  = {Neural Computing and Applications},
  Year                     = {2014},
  Number                   = {1},
  Pages                    = {83-93},
  Volume                   = {25},

  Doi                      = {10.1007/s00521-013-1450-7},
  ISSN                     = {0941-0643},
  Keywords                 = {WLD; Support vector machines; Mass detection; Mammograms; False-positive reduction},
  Language                 = {English},
  Publisher                = {Springer London},
  Url                      = {http://dx.doi.org/10.1007/s00521-013-1450-7}
}

@InProceedings{Mohapatra:2011:ALD:1947940.1947980,
  Title                    = {Automated Leukemia Detection in Blood Microscopic Images Using Statistical Texture Analysis},
  Author                   = {Mohapatra, Subrajeet and Patra, Dipti and Satpathy, Sanghamitra},
  Booktitle                = {Proceedings of the 2011 International Conference on Communication, Computing \&\#38; Security},
  Year                     = {2011},

  Address                  = {New York, NY, USA},
  Pages                    = {184--187},
  Publisher                = {ACM},
  Series                   = {ICCCS '11},

  Acmid                    = {1947980},
  Doi                      = {10.1145/1947940.1947980},
  ISBN                     = {978-1-4503-0464-1},
  Keywords                 = {K-means clustering, cellular image processing, leukemia detection, quantitative image analysis, texture features},
  Location                 = {Rourkela, Odisha, India},
  Numpages                 = {4},
  Url                      = {http://doi.acm.org/10.1145/1947940.1947980}
}

@InProceedings{6745425,
  Title                    = {Mammography Feature Analysis and Mass Detection in Breast Cancer Images},
  Author                   = {Patel, B.C. and Sinha, G.R.},
  Booktitle                = {Electronic Systems, Signal Processing and Computing Technologies (ICESC), 2014 International Conference on},
  Year                     = {2014},
  Month                    = {Jan},
  Pages                    = {474-478},

  Doi                      = {10.1109/ICESC.2014.89},
  Keywords                 = {biological organs;cancer;feature extraction;image denoising;image segmentation;mammography;medical image processing;tumours;accuracy;benign tissue;breast cancer images;image post processing;image preprocessing;image segmentation;malignant tissue;mammography feature analysis;mass detection;noise removal;sensitivity;specificity;tumor detection;Accuracy;Breast cancer;Feature extraction;Image segmentation;Lesions;accuracy;breast cancer;mammography image;segmentation;sensitivity;specificity;tumor}
}

@InCollection{Rose2006WebServicesfortheDDSMandDigitalMammographyResearch,
  Title                    = {Web Services for the DDSM and Digital Mammography Research},
  Author                   = {Rose, Chris and Turi, Daniele and Williams, Alan and Wolstencroft, Katy and Taylor, Chris},
  Booktitle                = {Digital Mammography},
  Publisher                = {Springer Berlin Heidelberg},
  Year                     = {2006},
  Editor                   = {Astley, SusanM. and Brady, Michael and Rose, Chris and Zwiggelaar, Reyer},
  Pages                    = {376-383},
  Series                   = {Lecture Notes in Computer Science},
  Volume                   = {4046},

  Doi                      = {10.1007/11783237_51},
  ISBN                     = {978-3-540-35625-7},
  Language                 = {English},
  Url                      = {http://dx.doi.org/10.1007/11783237_51}
}

@Article{Wang2014175,
  Title                    = {Breast tumor detection in digital mammography based on extreme learning machine },
  Author                   = {Zhiqiong Wang and Ge Yu and Yan Kang and Yingjie Zhao and Qixun Qu},
  Journal                  = {Neurocomputing },
  Year                     = {2014},
  Number                   = {0},
  Pages                    = {175 - 184},
  Volume                   = {128},

  Doi                      = {http://dx.doi.org/10.1016/j.neucom.2013.05.053},
  ISSN                     = {0925-2312},
  Keywords                 = {Extreme learning machine},
  Url                      = {http://www.sciencedirect.com/science/article/pii/S0925231213010163}
}

